@misc{ProblemStatement,
    author = {Avanish Ahluwalia and Russell Davidson and Rafey Malik and Abdul Zulfiqar},
    title = {Problem Statement},
    howpublished = {\url{https://github.com/russellrd/realm/blob/main/docs/ProblemStatementAndGoals/ProblemStatement.pdf}},
    note = {Accessed: 2024-10-31}
}
@misc{DevelopmentPlan,
    author = {Avanish Ahluwalia and Russell Davidson and Rafey Malik and Abdul Zulfiqar},
    title = {Development Plan},
    howpublished = {\url{https://github.com/russellrd/realm/blob/main/docs/DevelopmentPlan/DevelopmentPlan.pdf}},
    note = {Accessed: 2024-10-31}
}
@misc{SRS,
    author = {Avanish Ahluwalia and Russell Davidson and Rafey Malik and Abdul Zulfiqar},
    title = {Software Requirements Specification (SRS)},
    howpublished = {\url{https://github.com/russellrd/realm/blob/main/docs/SRS-IEEE/SRS.pdf}},
    note = {Accessed: 2024-10-31}
}
@misc{HA,
    author = {Avanish Ahluwalia and Russell Davidson and Rafey Malik and Abdul Zulfiqar},
    title = {Hazard Analysis (HA)},
    howpublished = {\url{https://github.com/russellrd/realm/blob/main/docs/HazardAnalysis/HazardAnalysis.pdf}},
    note = {Accessed: 2024-10-31}
}
@misc{VnV,
    author = {Avanish Ahluwalia and Russell Davidson and Rafey Malik and Abdul Zulfiqar},
    title = {Verification and Validation Plan (VnV Plan)},
    howpublished = {\url{https://github.com/russellrd/realm/blob/main/docs/VnVPlan/VnVPlan.pdf}},
    note = {Accessed: 2024-10-31}
}
