@misc{PIPEDA,
    author = {Office of the Privacy Commissioner of Canada},
    title = {PIPEDA in brief},
    howpublished = {\url{https://www.priv.gc.ca/en/privacy-topics/privacy-laws-in-canada/the-personal-information-protection-and-electronic-documents-act-pipeda/pipeda_brief/}},
    note = {Accessed: 2024-10-07}
}
@misc{GooglePlay,
    author = {Google},
    title = {Google Play: Developer Content Policy},
    howpublished = {\url{https://play.google.com/about/developer-content-policy/}},
    note = {Accessed: 2024-10-07}
}
@misc{AppStore,
    author = {Apple},
    title = {App Review Guidelines},
    howpublished = {\url{https://developer.apple.com/app-store/review/guidelines/}},
    note = {Accessed: 2024-10-07}
}